<?xml version="1.0" encoding="UTF-8"?><collection xmlns="http://www.loc.gov/MARC21/slim"><record><leader>00487nam--2200169-i-4500</leader><controlfield tag="001">000013360</controlfield><controlfield tag="002">20161230</controlfield><controlfield tag="005">20161230201030</controlfield><controlfield tag="008">060222s1000------------r-----000-0-eng-d</controlfield><datafield ind1=" " ind2=" " tag="040"><subfield code="a">IFIN-HH</subfield></datafield><datafield ind1=" " ind2=" " tag="080"><subfield code="a">539.172.1:537.563.3</subfield></datafield><datafield ind1="1" ind2=" " tag="100"><subfield code="a">Bierman,Dick Jan</subfield></datafield><datafield ind1="1" ind2="0" tag="245"><subfield code="a">Inelastic energy losses during multi kev ion-atom collisions</subfield><subfield code="b">Dissertation</subfield><subfield code="c">Dick jan bierman</subfield></datafield><datafield ind1=" " ind2=" " tag="260"><subfield code="a">Amsterdam</subfield><subfield code="b">Universiteit</subfield><subfield code="c">/1972</subfield></datafield><datafield ind1=" " ind2=" " tag="300"><subfield code="a">103P</subfield></datafield><datafield ind1=" " ind2=" " tag="852"><subfield code="a">48549</subfield><subfield code="c">539.17</subfield></datafield><datafield ind1=" " ind2=" " tag="CAT"><subfield code="a">Sys</subfield><subfield code="c">20120619</subfield><subfield code="h">120016</subfield></datafield></record></collection>